@book{dakks, url={https://www.dakks.de/docs/download/148}, journal={Leitfaden Usability 1.3}, institution={DAkkS - Deutsche Akkreditierungsstelle}, year={2010}} 
@book{Kruse_2015, place={Weinheim}, title={Qualitative Interviewforschung. Ein integrativer Ansatz.}, publisher={Beltz Juventa}, author={Kruse, Jan}, year={2015}} 
@techreport{ISO-9241-110,
type = {Standard},
key = {DIN EN ISO 9241-110:2020-10},
month = mar,
year = {2020},
title = {Ergonomie der Mensch-System-Interaktion – Teil 110: Interaktionsprinzipien (ISO 9241-110:2020); Deutsche Fassung EN ISO 9241-110:2020},
volume = {2020},
address = {Geneva, CH},
institution = {Technisches Komitee ISO/TC 159 Ergonomics in Zusammenarbeit mit dem Technischen Komitee CEN/TC 122 Ergonomie}
}
@misc{stangl-beduerfnis,
  title = {Stangl: Bedürfnis},
  howpublished = {\url{http://lexikon.stangl.eu/13476/beduerfnis}},
  note = {Accessed: 2023-08-06}
}
@online{nielsen10,
  author = {Jakob Nielsen},
  title = {10 Usability Heuristics for User Interface Design},
  year = {1994},
  url = {https://www.nngroup.com/articles/ten-usability-heuristics/},
  note = {Updated Nov. 15, 2020},
  summary = {Jakob Nielsen's 10 general principles for interaction design. They are called "heuristics" because they are broad rules of thumb and not specific usability guidelines.}
}
@book{krug,
  author = {Krug, Steve},
  title = {Don't Make Me Think, Revisited: A Common Sense Approach to Web Usability},
  publisher = {New Riders},
  address = {[San Francisco, California]},
  year = {2014}
}
@book{TullisAlbert,
  author = {Tullis, Thomas and Albert, William},
  title = {Measuring the User Experience: Collecting, Analyzing, and Presenting Usability Metrics},
  publisher = {Elsevier},
  address = {[Amsterdam]},
  year = {2013}
}
@book{norman,
  abstract = {First, businesses discovered quality as a key competitive edge; next came service. This title reveals how smart design is the next competitive frontier. 'The Design of Everyday Things' is a primer on how and why some products satisfy customers while others only frustrate them.},
  added-at = {2012-09-28T16:01:03.000+0200},
  address = {[New York]},
  author = {Norman, Donald A.},
  biburl = {https://www.bibsonomy.org/bibtex/2e51bef4e8b0c0ea3c13e8b5e6a561bed/schmidt2},
  description = {The Design of Everyday Things: Amazon.de: Don Norman: Englische Bücher},
  interhash = {c6fd1560a6892285580779b96140f88c},
  intrahash = {e51bef4e8b0c0ea3c13e8b5e6a561bed},
  isbn = {0465067107 9780465067107},
  keywords = {books design lang:en product_design toread ui usability ux},
  publisher = {Basic Books},
  refid = {215302602},
  timestamp = {2012-09-28T16:01:03.000+0200},
  title = {The design of everyday things},
  url = {http://www.amazon.de/The-Design-Everyday-Things-Norman/dp/0465067107/ref=wl_it_dp_o_pC_S_nC?ie=UTF8&colid=151193SNGKJT9&coliid=I262V9ZRW8HR2C},
  year = 2002
}
@book{CooperAsylum,
  author = {Cooper, Alan},
  title = {The Inmates Are Running the Asylum: Why High Tech Products Drive Us Crazy and How to Restore the Sanity},
  publisher = {Sams - Pearson Education},
  address = {[Indianapolis, IN]},
  year = {2004}
}


%Warning--I didn't find a database entry for "ISO9241-11"
